@article{Damiani2016,
  title = {A type-sound calculus of computational fields},
  volume = {117},
  ISSN = {0167-6423},
  url = {http://dx.doi.org/10.1016/j.scico.2015.11.005},
  DOI = {10.1016/j.scico.2015.11.005},
  journal = {Science of Computer Programming},
  publisher = {Elsevier BV},
  author = {Damiani,  Ferruccio and Viroli,  Mirko and Beal,  Jacob},
  year = {2016},
  month = feb,
  pages = {17-44}
}

@article{https://doi.org/10.48550/arxiv.1610.08116,
  doi = {10.48550/ARXIV.1610.08116},
  url = {https://arxiv.org/abs/1610.08116},
  author = {Viroli,  Mirko and Audrito,  Giorgio and Damiani,  Ferruccio and Pianini,  Danilo and Beal,  Jacob},
  keywords = {Logic in Computer Science (cs.LO),  FOS: Computer and information sciences,  FOS: Computer and information sciences},
  title = {A Higher-order Calculus of Computational Fields},
  publisher = {arXiv},
  year = {2016},
  copyright = {arXiv.org perpetual,  non-exclusive license}
}

@inproceedings{Casadei2023,
  title = {Self-Organisation Programming: A Functional Reactive Macro Approach},
  url = {http://dx.doi.org/10.1109/ACSOS58161.2023.00026},
  DOI = {10.1109/acsos58161.2023.00026},
  booktitle = {2023 IEEE International Conference on Autonomic Computing and Self-Organizing Systems (ACSOS)},
  publisher = {IEEE},
  author = {Casadei,  Roberto and Dente,  Francesco and Aguzzi,  Gianluca and Pianini,  Danilo and Viroli,  Mirko},
  year = {2023},
  month = sep 
}

@article{https://doi.org/10.48550/arxiv.1910.02874,
  doi = {10.48550/ARXIV.1910.02874},
  url = {https://arxiv.org/abs/1910.02874},
  author = {Audrito,  Giorgio and Beal,  Jacob and Damiani,  Ferruccio and Pianini,  Danilo and Viroli,  Mirko},
  keywords = {Distributed,  Parallel,  and Cluster Computing (cs.DC),  Logic in Computer Science (cs.LO),  Programming Languages (cs.PL),  FOS: Computer and information sciences,  FOS: Computer and information sciences},
  title = {Field-based Coordination with the Share Operator},
  publisher = {arXiv},
  year = {2019},
  copyright = {Creative Commons Attribution 4.0 International}
}

@inbook{Casadei2020,
  title = {FScaFi: A Core Calculus for Collective Adaptive Systems Programming},
  ISBN = {9783030614706},
  ISSN = {1611-3349},
  url = {http://dx.doi.org/10.1007/978-3-030-61470-6_21},
  DOI = {10.1007/978-3-030-61470-6_21},
  booktitle = {Lecture Notes in Computer Science},
  publisher = {Springer International Publishing},
  author = {Casadei,  Roberto and Viroli,  Mirko and Audrito,  Giorgio and Damiani,  Ferruccio},
  year = {2020},
  pages = {344-360}
}

@inbook{Beal2016,
  title = {Aggregate Programming: From Foundations to Applications},
  ISBN = {9783319340968},
  ISSN = {1611-3349},
  url = {http://dx.doi.org/10.1007/978-3-319-34096-8_8},
  DOI = {10.1007/978-3-319-34096-8_8},
  booktitle = {Lecture Notes in Computer Science},
  publisher = {Springer International Publishing},
  author = {Beal,  Jacob and Viroli,  Mirko},
  year = {2016},
  pages = {233-260}
}

@article{Casadei2022,
  title = {ScaFi: A Scala DSL and Toolkit for Aggregate Programming},
  volume = {20},
  ISSN = {2352-7110},
  url = {http://dx.doi.org/10.1016/j.softx.2022.101248},
  DOI = {10.1016/j.softx.2022.101248},
  journal = {SoftwareX},
  publisher = {Elsevier BV},
  author = {Casadei,  Roberto and Viroli,  Mirko and Aguzzi,  Gianluca and Pianini,  Danilo},
  year = {2022},
  month = dec,
  pages = {101248}
}

@inproceedings{Pianini2015,
  series = {SAC 2015},
  title = {Protelis: practical aggregate programming},
  url = {http://dx.doi.org/10.1145/2695664.2695913},
  DOI = {10.1145/2695664.2695913},
  booktitle = {Proceedings of the 30th Annual ACM Symposium on Applied Computing},
  publisher = {ACM},
  author = {Pianini,  Danilo and Viroli,  Mirko and Beal,  Jacob},
  year = {2015},
  month = apr,
  collection = {SAC 2015}
}

@inproceedings{Audrito2020,
  title = {FCPP: an efficient and extensible Field Calculus framework},
  url = {http://dx.doi.org/10.1109/acsos49614.2020.00037},
  DOI = {10.1109/acsos49614.2020.00037},
  booktitle = {2020 IEEE International Conference on Autonomic Computing and Self-Organizing Systems (ACSOS)},
  publisher = {IEEE},
  author = {Audrito,  Giorgio},
  year = {2020},
  month = aug 
}

@article{Beal2015,
  title = {Aggregate Programming for the Internet of Things},
  volume = {48},
  ISSN = {0018-9162},
  url = {http://dx.doi.org/10.1109/mc.2015.261},
  DOI = {10.1109/mc.2015.261},
  number = {9},
  journal = {Computer},
  publisher = {Institute of Electrical and Electronics Engineers (IEEE)},
  author = {Beal,  Jacob and Pianini,  Danilo and Viroli,  Mirko},
  year = {2015},
  month = sep,
  pages = {22-30}
}

@article{Viroli2019,
  title = {From distributed coordination to field calculus and aggregate computing},
  volume = {109},
  ISSN = {2352-2208},
  url = {http://dx.doi.org/10.1016/j.jlamp.2019.100486},
  DOI = {10.1016/j.jlamp.2019.100486},
  journal = {Journal of Logical and Algebraic Methods in Programming},
  publisher = {Elsevier BV},
  author = {Viroli,  Mirko and Beal,  Jacob and Damiani,  Ferruccio and Audrito,  Giorgio and Casadei,  Roberto and Pianini,  Danilo},
  year = {2019},
  month = dec,
  pages = {100486}
}

@inbook{Viroli2013,
  title = {A Calculus of Computational Fields},
  ISBN = {9783642453649},
  ISSN = {1865-0937},
  url = {http://dx.doi.org/10.1007/978-3-642-45364-9_11},
  DOI = {10.1007/978-3-642-45364-9_11},
  booktitle = {Advances in Service-Oriented and Cloud Computing},
  publisher = {Springer Berlin Heidelberg},
  author = {Viroli,  Mirko and Damiani,  Ferruccio and Beal,  Jacob},
  year = {2013},
  pages = {1140-128}
}

@article{Viroli2018,
  title = {Engineering Resilient Collective Adaptive Systems by Self-Stabilisation},
  volume = {28},
  ISSN = {1558-1195},
  url = {http://dx.doi.org/10.1145/3177774},
  DOI = {10.1145/3177774},
  number = {2},
  journal = {ACM Transactions on Modeling and Computer Simulation},
  publisher = {Association for Computing Machinery (ACM)},
  author = {Viroli,  Mirko and Audrito,  Giorgio and Beal,  Jacob and Damiani,  Ferruccio and Pianini,  Danilo},
  year = {2018},
  month = mar,
  pages = {1-28}
}

@article{Bainomugisha2013,
  title = {A survey on reactive programming},
  volume = {45},
  ISSN = {1557-7341},
  url = {http://dx.doi.org/10.1145/2501654.2501666},
  DOI = {10.1145/2501654.2501666},
  number = {4},
  journal = {ACM Computing Surveys},
  publisher = {Association for Computing Machinery (ACM)},
  author = {Bainomugisha,  Engineer and Carreton,  Andoni Lombide and Cutsem,  Tom van and Mostinckx,  Stijn and Meuter,  Wolfgang de},
  year = {2013},
  month = aug,
  pages = {1-34}
}

@article{Beal2006,
  title = {Infrastructure for Engineered Emergence on Sensor/Actuator Networks},
  volume = {21},
  ISSN = {1541-1672},
  url = {http://dx.doi.org/10.1109/MIS.2006.29},
  DOI = {10.1109/mis.2006.29},
  number = {2},
  journal = {IEEE Intelligent Systems},
  publisher = {Institute of Electrical and Electronics Engineers (IEEE)},
  author = {Beal,  J. and Bachrach,  J.},
  year = {2006},
  month = mar,
  pages = {10-19}
}

@inproceedings{https://doi.org/10.4230/lipics.ecoop.2022.20,
  doi = {10.4230/LIPICS.ECOOP.2022.20},
  url = {https://drops.dagstuhl.de/entities/document/10.4230/LIPIcs.ECOOP.2022.20},
  author = {Audrito,  Giorgio and Casadei,  Roberto and Damiani,  Ferruccio and Salvaneschi,  Guido and Viroli,  Mirko},
  keywords = {Core calculus,  operational semantics,  type soundness,  Scala DSL,  Theory of computation → Distributed computing models,  Theory of computation → Functional constructs,  Theory of computation → Operational semantics,  Theory of computation → Type structures,  Computing methodologies → Distributed programming languages},
  language = {en},
  title = {Functional Programming for Distributed Systems with XC},
  publisher = {Schloss Dagstuhl - Leibniz-Zentrum f\"{u}r Informatik},
  year = {2022},
  copyright = {Creative Commons Attribution 4.0 International license}
}

@article{Pianini2013,
  title = {Chemical-oriented simulation of computational systems with ALCHEMIST},
  volume = {7},
  ISSN = {1747-7786},
  url = {http://dx.doi.org/10.1057/jos.2012.27},
  DOI = {10.1057/jos.2012.27},
  number = {3},
  journal = {Journal of Simulation},
  publisher = {Informa UK Limited},
  author = {Pianini,  D and Montagna,  S and Viroli,  M},
  year = {2013},
  month = aug,
  pages = {202-215}
}

@article{Parunak2015,
  title = {Software engineering for self-organizing systems},
  volume = {30},
  ISSN = {1469-8005},
  url = {http://dx.doi.org/10.1017/S0269888915000089},
  DOI = {10.1017/s0269888915000089},
  number = {4},
  journal = {The Knowledge Engineering Review},
  publisher = {Cambridge University Press (CUP)},
  author = {Parunak,  H. Van Dyke and Brueckner,  Sven A.},
  year = {2015},
  month = sep,
  pages = {419-434}
}

@book{Gershenson2007,
  title     = "Design and control of self-organizing systems",
  author    = "Carlos Gershenson",
  year      = 2007,
  publisher = "CopIt Arxives",
}

@inproceedings{Singh2013,
  title = {Emergence,  Self-Organization and Collective Intelligence -- Modeling the Dynamics of Complex Collectives in Social and Organizational Settings},
  url = {http://dx.doi.org/10.1109/UKSim.2013.77},
  DOI = {10.1109/uksim.2013.77},
  booktitle = {2013 UKSim 15th International Conference on Computer Modelling and Simulation},
  publisher = {IEEE},
  author = {Singh,  V. and Singh,  G. and Pande,  S.},
  year = {2013},
  month = apr 
}

@article{DeNicola2020,
  title = {Rigorous engineering of collective adaptive systems: special section},
  volume = {22},
  ISSN = {1433-2787},
  url = {http://dx.doi.org/10.1007/s10009-020-00565-0},
  DOI = {10.1007/s10009-020-00565-0},
  number = {4},
  journal = {International Journal on Software Tools for Technology Transfer},
  publisher = {Springer Science and Business Media LLC},
  author = {De Nicola,  Rocco and J\"{a}hnichen,  Stefan and Wirsing,  Martin},
  year = {2020},
  month = may,
  pages = {389-397}
}

@book{Prokopenko2007,
  title     = "Guided self-organization",
  author    = "Mikhail Prokopenko",
  year      = 2009,
}

@article{Schmeck2010,
  title = {Adaptivity and self-organization in organic computing systems},
  volume = {5},
  ISSN = {1556-4703},
  url = {http://dx.doi.org/10.1145/1837909.1837911},
  DOI = {10.1145/1837909.1837911},
  number = {3},
  journal = {ACM Transactions on Autonomous and Adaptive Systems},
  publisher = {Association for Computing Machinery (ACM)},
  author = {Schmeck,  Hartmut and M\"{u}ller-Schloer,  Christian and undefinedakar,  Emre and Mnif,  Moez and Richter,  Urban},
  year = {2010},
  month = sep,
  pages = {1-32}
}

@article{Martius2011,
  title = {Variants of guided self-organization for robot control},
  volume = {131},
  ISSN = {1611-7530},
  url = {http://dx.doi.org/10.1007/s12064-011-0141-0},
  DOI = {10.1007/s12064-011-0141-0},
  number = {3},
  journal = {Theory in Biosciences},
  publisher = {Springer Science and Business Media LLC},
  author = {Martius,  Georg and Herrmann,  J. Michael},
  year = {2011},
  month = nov,
  pages = {129-137}
}

@inproceedings{DeWolf2007,
  title = {Designing Self-Organising Emergent Systems based on Information Flows and Feedback-loops},
  url = {http://dx.doi.org/10.1109/SASO.2007.16},
  DOI = {10.1109/saso.2007.16},
  booktitle = {First International Conference on Self-Adaptive and Self-Organizing Systems (SASO 2007)},
  publisher = {IEEE},
  author = {De Wolf,  Tom and Holvoet,  Tom},
  year = {2007},
  month = jul 
}

@inbook{Zhang2021,
  title = {Multi-Agent Reinforcement Learning: A Selective Overview of Theories and Algorithms},
  ISBN = {9783030609900},
  ISSN = {2198-4190},
  url = {http://dx.doi.org/10.1007/978-3-030-60990-0_12},
  DOI = {10.1007/978-3-030-60990-0_12},
  booktitle = {Studies in Systems,  Decision and Control},
  publisher = {Springer International Publishing},
  author = {Zhang,  Kaiqing and Yang,  Zhuoran and Başar,  Tamer},
  year = {2021},
  pages = {321-384}
}

@article{Casadei2023_2,
  title = {Macroprogramming: Concepts,  State of the Art,  and Opportunities of Macroscopic Behaviour Modelling},
  volume = {55},
  ISSN = {1557-7341},
  url = {http://dx.doi.org/10.1145/3579353},
  DOI = {10.1145/3579353},
  number = {13s},
  journal = {ACM Computing Surveys},
  publisher = {Association for Computing Machinery (ACM)},
  author = {Casadei,  Roberto},
  year = {2023},
  month = jul,
  pages = {1-37}
}

@article{Jnior2022,
  title = {The state of the art of macroprogramming in IoT: An update},
  volume = {13},
  ISSN = {1869-0238},
  url = {http://dx.doi.org/10.5753/jisa.2022.2372},
  DOI = {10.5753/jisa.2022.2372},
  number = {1},
  journal = {Journal of Internet Services and Applications},
  publisher = {Sociedade Brasileira de Computacao - SB},
  author = {Júnior,  Iwens G. S. and Santana,  Thalia S. de and Bulcão-Neto,  Renato de F. and Porter,  Barry F.},
  year = {2022},
  month = nov,
  pages = {54-65}
}

@article{Brambilla2013,
  title = {Swarm robotics: a review from the swarm engineering perspective},
  volume = {7},
  ISSN = {1935-3820},
  url = {http://dx.doi.org/10.1007/s11721-012-0075-2},
  DOI = {10.1007/s11721-012-0075-2},
  number = {1},
  journal = {Swarm Intelligence},
  publisher = {Springer Science and Business Media LLC},
  author = {Brambilla,  Manuele and Ferrante,  Eliseo and Birattari,  Mauro and Dorigo,  Marco},
  year = {2013},
  month = jan,
  pages = {1-41}
}

@article{Mottola2011,
  title = {Programming wireless sensor networks: Fundamental concepts and state of the art},
  volume = {43},
  ISSN = {1557-7341},
  url = {http://dx.doi.org/10.1145/1922649.1922656},
  DOI = {10.1145/1922649.1922656},
  number = {3},
  journal = {ACM Computing Surveys},
  publisher = {Association for Computing Machinery (ACM)},
  author = {Mottola,  Luca and Picco,  Gian Pietro},
  year = {2011},
  month = apr,
  pages = {1-51}
}

@inproceedings{Noor2019,
  series = {IoTDI '19},
  title = {DDFlow: visualized declarative programming for heterogeneous IoT networks},
  url = {http://dx.doi.org/10.1145/3302505.3310079},
  DOI = {10.1145/3302505.3310079},
  booktitle = {Proceedings of the International Conference on Internet of Things Design and Implementation},
  publisher = {ACM},
  author = {Noor,  Joseph and Tseng,  Hsiao-Yun and Garcia,  Luis and Srivastava,  Mani},
  year = {2019},
  month = apr,
  collection = {IoTDI '19}
}

@article{Casadei2020_2,
  title = {Pulverization in Cyber-Physical Systems: Engineering the Self-Organizing Logic Separated from Deployment},
  volume = {12},
  ISSN = {1999-5903},
  url = {http://dx.doi.org/10.3390/fi12110203},
  DOI = {10.3390/fi12110203},
  number = {11},
  journal = {Future Internet},
  publisher = {MDPI AG},
  author = {Casadei,  Roberto and Pianini,  Danilo and Placuzzi,  Andrea and Viroli,  Mirko and Weyns,  Danny},
  year = {2020},
  month = nov,
  pages = {203}
}

@inproceedings{Ferscha2015,
  series = {UbiComp '15},
  title = {Collective adaptive systems},
  url = {http://dx.doi.org/10.1145/2800835.2809508},
  DOI = {10.1145/2800835.2809508},
  booktitle = {Proceedings of the 2015 ACM International Joint Conference on Pervasive and Ubiquitous Computing and Proceedings of the 2015 ACM International Symposium on Wearable Computers - UbiComp ’15},
  publisher = {ACM Press},
  author = {Ferscha,  Alois},
  year = {2015},
  collection = {UbiComp '15}
}

@inbook{Audrito2018,
  title = {Space-Time Universality of Field Calculus},
  ISBN = {9783319924083},
  ISSN = {1611-3349},
  url = {http://dx.doi.org/10.1007/978-3-319-92408-3_1},
  DOI = {10.1007/978-3-319-92408-3_1},
  booktitle = {Coordination Models and Languages},
  publisher = {Springer International Publishing},
  author = {Audrito,  Giorgio and Beal,  Jacob and Damiani,  Ferruccio and Viroli,  Mirko},
  year = {2018},
  pages = {1-20}
}
